@misc{Cisco_2017, 
  title = {{Cisco Visual Networking Index: Forecast and Methodology, June 2017}},
  howpublished = {\url{https://www.cisco.com/c/en/us/solutions/service-provider/visual-networking-index-vni/index.html}},
}

@misc{Infinera600G, 
  title = {{Infinera Grove G30}},
  howpublished = {\url{https://www.lightwaveonline.com/articles/2018/11/infinera-adds-new-features-to-groove-g30-network-disaggregation-platform.html}},
}

@inproceedings{jimenez2017techno,
  title={Techno-economic analysis of transmission technologies in low aggregation rings of metropolitan networks},
  author={Jimenez, T and L{\'o}pez, V and Jimenez, F and Gonzalez, O and Fernandez, JP},
  booktitle={Optical Fiber Communications Conference and Exhibition (OFC), 2017},
  pages={1--3},
  year={2017},
  organization={IEEE}
}

@article{curri2015design,
  title={Design strategies and merit of system parameters for uniform uncompensated links supporting Nyquist-WDM transmission},
  author={Curri, Vittorio and Carena, Andrea and Arduino, Andrea and Bosco, Gabriella and Poggiolini, Pierluigi and Nespola, Antonino and Forghieri, Fabrizio},
  journal={Journal of Lightwave Technology},
  volume={33},
  number={18},
  pages={3921--3932},
  year={2015},
  publisher={IEEE}
}

@article{poggiolini2014gn,
  title={The GN-model of fiber non-linear propagation and its applications},
  author={Poggiolini, Pierluigi and Bosco, G and Carena, A and Curri, V and Jiang, Y and Forghieri, F},
  journal={Journal of lightwave technology},
  volume={32},
  number={4},
  pages={694--721},
  year={2014},
  publisher={IEEE}
}

@article{van2014ultra,
  title={Ultra-high-density spatial division multiplexing with a few-mode multicore fibre},
  author={Van Uden, RGH and Correa, R Amezcua and Lopez, E Antonio and Huijskens, FM and Xia, Cen and Li, G and Sch{\"u}lzgen, A and De Waardt, H and Koonen, AMJ and Okonkwo, CM},
  journal={Nature Photonics},
  volume={8},
  number={11},
  pages={865},
  year={2014},
}

@article{Filer:18,
author = {Mark Filer and Mattia Cantono and Alessio Ferrari and Gert Grammel and Gabriele Galimberti and Vittorio Curri},
journal = {J. Lightwave Technol.},
keywords = {},
number = {15},
pages = {3073--3082},
publisher = {OSA},
title = {Multi-Vendor Experimental Validation of an Open Source QoT Estimator for Optical Networks},
volume = {36},
month = {Aug},
year = {2018},
url = {http://jlt.osa.org/abstract.cfm?URI=jlt-36-15-3073},
}

@article{semrau_gaussian_2017,
author={D. Semrau and R. I. Killey and P. Bayvel}, 
journal={Journal of Lightwave Technology}, 
title={The Gaussian Noise Model in the Presence of Inter-Channel Stimulated Raman Scattering},
year={2018}, 
volume={36}, 
number={14}, 
pages={3046-3055}, 
keywords={differential equations;Gaussian noise;light attenuation;light interference;optical fibre amplifiers;optical fibre communication;optical fibre dispersion;optical Kerr effect;stimulated Raman scattering;transmission systems;hybrid amplification schemes;distributed Raman amplification;optical spectrum;coupled ordinary differential equations;semianalytical model;lumped amplification;complex model;fully analytical model;analytical ISRS GN model;Gaussian modulated signals;numerical split-step simulations;nonlinear interference power;optimum launch power;Gaussian noise model;arbitrary frequency dependent signal power profile;optical Kerr nonlinearity;frequency dependent fiber attenuation;interchannel stimulated Raman scattering;account system;frequency 10 THz;Nonlinear optics;Optical attenuators;Numerical models;Frequency dependence;Optical scattering;Mathematical model;Interference;C + L band transmission;first-order perturbation;gaussian noise model;nonlinear interference;nonlinear distortion;optical fiber communications;stimulated raman scattering}, 
doi={10.1109/JLT.2018.2830973}, 
ISSN={0733-8724}, 
month={July},
}

@inproceedings{cantono_modelling_2018,
author = {Mattia Cantono and Jean Luc Auge and Vittorio Curri},
booktitle = {Optical Fiber Communication Conference},
journal = {Optical Fiber Communication Conference},
keywords = {Emission; Four wave mixing; Power spectral density; Q factor; Single mode fibers; Stimulated Raman scattering},
pages = {M1D.2},
publisher = {Optical Society of America},
title = {Modelling the {Impact of SRS on NLI Generation in Commercial Equipment: an Experimental Investigation}},
year = {2018},
url = {http://www.osapublishing.org/abstract.cfm?URI=OFC-2018-M1D.2},
doi = {10.1364/OFC.2018.M1D.2},
abstract = {We experimentally demonstrate using commercial equipment how performance predictions based on the GN-model may fail on side channels because of SRS, and demonstrate the effectiveness of the GGN-model including distributed SRS effects in NLI estimation.},
}

@article{cantono_interplay_2018,
  title = {On the {{Interplay}} of {{Nonlinear Interference Generation}} with {{Stimulated Raman Scattering}}},
  journal = {Journal of Lightwave Technology},
  year={2018}, 
  volume={36}, 
  number={15}, 
  pages={3131-3141}, 
  author = {Cantono, M. and Pilori, D. and Ferrari, A. and Catanese, C. and Thouras, J. and Auge, J.L. and Curri, V.}
}

@article{cantono_introducing_2017,
  title = {Introducing the {{Generalized GN}}-Model for {{Nonlinear Interference Generation}} Including Space/Frequency Variations of Loss/Gain},
  journal = {arXiv preprint arXiv:1710.02225},
  year = {2017},
  author = {Cantono, Mattia and Pilori, Dario and Ferrari, Alessio and Curri, Vittorio}
}

@article{roberts_channel_2017,
  title = {Channel {{Power Optimization}} of {{WDM Systems Following Gaussian Noise Nonlinearity Model}} in {{Presence}} of {{Stimulated Raman Scattering}}},
  volume = {35},
  issn = {0733-8724, 1558-2213},
  url = {http://ieeexplore.ieee.org/document/8100929/},
  doi = {10.1109/JLT.2017.2771719},
  number = {23},
  journal = {Journal of Lightwave Technology},
  urldate = {2017-12-07},
  date = {2017-12-01},
  year = {2017},
  pages = {5237--5249},
  author = {Roberts, Ian and Kahn, Joseph M. and Harley, James and Boertjes, David W.}
}

@inproceedings{kobayashi20171,
  title={1-Pb/s (32 SDM/46 WDM/768 Gb/s) C-band dense SDM transmission over 205.6-km of single-mode heterogeneous multi-core fiber using 96-Gbaud PDM-16QAM channels},
  author={Kobayashi, Takayuki and Nakamura, M and Hamaoka, F and Shibahara, K and Mizuno, T and Sano, A and Kawakami, H and Isoda, A and Nagatani, Munehiko and Yamazaki, H and others},
  booktitle={Optical Fiber Communication Conference},
  pages={Th5B--1},
  year={2017},
  organization={Optical Society of America}
}

@article{curri2013extension,
  title={Extension and validation of the GN model for non-linear interference to uncompensated links using Raman amplification},
  author={Curri, Vittorio and Carena, Andrea and Poggiolini, Pierluigi and Bosco, Gabriella and Forghieri, Fabrizio},
  journal={Optics express},
  volume={21},
  number={3},
  pages={3308--3317},
  year={2013},
  publisher={Optical Society of America}
}

@inproceedings{Pincemin_ECOC_018,
  title={{Capacity growth through multi-band amplified WDM system}},
  author={Pincemin, E.},
  booktitle={ECOC Workshop WS01, 2018},
}

@inproceedings{winzer2018scaling,
  title={Scaling Optical Networking Technologies for Next Generation SDM},
  author={Winzer, Peter J},
  booktitle={2018 Optical Fiber Communications Conference and Exposition (OFC)},
  pages={1--57},
  year={2018},
  organization={IEEE}
}

@inproceedings{napoli2018towards,
  title={Towards multiband optical systems},
  author={Napoli, Antonio and Costa, Nelson and Fischer, Johannes K and Pedro, Jo{\~a}o and Abrate, Silvio and Calabretta, Nicola and Forysiak, Wladek and Pincemin, Erwan and Gimenez, Juan PF-P and Matrakidis, Chris and others},
  booktitle={Photonic Networks and Devices},
  pages={NeTu3E--1},
  year={2018},
  organization={Optical Society of America}
}

@inproceedings{napoli2018perspectives,
  title={Perspectives of multi-band optical communication systems},
  author={Napoli, Antonio and Calabretta, Nicola and Fischer, Johannes K and Costa, Nelson and Abrate, Silvio and Pedro, Joao and Lopez, Victor and Curri, Vittorio and Zibar, Darko and Pincemin, Erwan and others},
  booktitle={OECC},
  year={2018}
}

@inproceedings{fischer2018maximizing,
  title={Maximizing the Capacity of Installed Optical Fiber Infrastructure Via Wideband Transmission},
  author={Fischer, Johannes K and Cantono, Mattia and Curri, Vittorio and Braun, Ralf-Peter and Costa, Nelson and Pedro, Jo{\~a}o and Pincemin, Erwan and Doar{\'e}, Philippe and Le Bou{\"e}tt{\'e}, Claude and Napoli, Antonio},
  booktitle={2018 20th International Conference on Transparent Optical Networks (ICTON)},
  pages={1--4},
  year={2018},
  organization={IEEE}
}

@inproceedings{Doerr_OFC_2016,
  title={O, E, S, C, and L band silicon photonics coherent modulator/receiver},
  author={Doerr, C and Chen, Long and Nielsen, Torben and Aroca, Ricardo and Chen, Li and Banaee, Mohamadreza and Azemati, Saeid and McBrien, Greg and Park, Seo Yeon and Geyer, Jonas and others},
  booktitle={Optical Fiber Communications Conference and Exhibition (OFC), 2016},
  pages={1--3},
  year={2016},
  organization={IEEE}
}

@inproceedings{renaudier2018100nm,
  title={100nm Ultra-Wideband Optical Fiber Transmission Systems Using Semiconductor Optical Amplifiers},
  author={Renaudier, J},
  booktitle={2018 European Conference on Optical Communication (ECOC)},
  pages={1--3},
  year={2018},
  organization={IEEE}
}

@inproceedings{Okamoto_ECOC_2016,
  title={5-band (O, E, S, C, and L) WDM Transmission with Wavelength Adaptive Modulation Format Allocation},
  author={Okamoto, Seiji and Horikoshi, Kengo and Hamaoka, Fukutaro and Minoguchi, Kyo and Hirano, Akira},
  booktitle={ECOC 2016; 42nd European Conference on Optical Communication; Proceedings of},
  pages={1--3},
  year={2016},
  organization={VDE}
}

@article{cantono_GGN_JLT_2018,
  title={On the interplay of nonlinear interference generation with stimulated Raman scattering for QoT estimation},
  author={Cantono, Mattia and Pilori, Dario and Ferrari, Alessio and Catanese, Clara and Thouras, Jordane and Aug{\'e}, Jean-Luc and Curri, Vittorio},
  journal={Journal of Lightwave Technology},
  year={2018},
  publisher={IEEE}
}

@article{bromage2004raman,
  title={Raman amplification for fiber communications systems},
  author={Bromage, Jake},
  journal={Journal of Lightwave Technology},
  volume={22},
  number={1},
  pages={79},
  year={2004},
  publisher={IEEE}
}

